@InProceedings{Toshev_2014_CVPR,
author = {Toshev, Alexander and Szegedy, Christian},
title = {DeepPose: Human Pose Estimation via Deep Neural Networks},
booktitle = {Proceedings of the IEEE Conference on Computer Vision and Pattern Recognition (CVPR)},
month = {June},
year = {2014}
}

@InProceedings{Sun_2019_CVPR,
	author = {Sun, Ke and Xiao, Bin and Liu, Dong and Wang, Jingdong},
	title = {Deep High-Resolution Representation Learning for Human Pose Estimation},
	booktitle = {Proceedings of the IEEE/CVF Conference on Computer Vision and Pattern Recognition (CVPR)},
	month = {June},
	year = {2019}
}

@article{openpose,
	author = {Z. {Cao} and G. {Hidalgo Martinez} and T. {Simon} and S. {Wei} and Y. A. {Sheikh}},
	journal = {IEEE Transactions on Pattern Analysis and Machine Intelligence},
	title = {OpenPose: Realtime Multi-Person 2D Pose Estimation using Part Affinity Fields},
	year = {2019}
}
@article{heatmaps,
	author    = {Adrian Bulat and
	Georgios Tzimiropoulos},
	title     = {Human pose estimation via Convolutional Part Heatmap Regression},
	journal   = {CoRR},
	volume    = {abs/1609.01743},
	year      = {2016},
	url       = {http://arxiv.org/abs/1609.01743},
	archivePrefix = {arXiv},
	eprint    = {1609.01743},
	timestamp = {Mon, 13 Aug 2018 16:46:37 +0200},
	biburl    = {https://dblp.org/rec/journals/corr/BulatT16.bib},
	bibsource = {dblp computer science bibliography, https://dblp.org}
}