@InProceedings{Toshev_2014_CVPR,
author = {Toshev, Alexander and Szegedy, Christian},
title = {DeepPose: Human Pose Estimation via Deep Neural Networks},
booktitle = {Proceedings of the IEEE Conference on Computer Vision and Pattern Recognition (CVPR)},
month = {June},
year = {2014}
}

@InProceedings{Sun_2019_CVPR,
	author = {Sun, Ke and Xiao, Bin and Liu, Dong and Wang, Jingdong},
	title = {Deep High-Resolution Representation Learning for Human Pose Estimation},
	booktitle = {Proceedings of the IEEE/CVF Conference on Computer Vision and Pattern Recognition (CVPR)},
	month = {June},
	year = {2019}
}